@article{silverman,
author = {B.W. Silverman},
title = {Using kernel density estimates to investigate multimodality},
journal = {Journal of the royal statistical society},
year = {1981},
volume = {43},
number = {1},
pages = {97-99},
note = {\url{http://www.stat.washington.edu/wxs/Stat593-s03/Literature/silverman-81a.pdf}},
}

@Misc{adereth,
author = {M. Adereth},
title = {Silverman's Mode Estimation Method Explained},
howpublished = {Online},
month = {October},
year = {2014},
note = {\url{http://adereth.github.io/blog/2014/10/12/silvermans-mode-detection-method-explained/}},
}

@article{alspach,
author={Daniel L. Aspach and Harold W. Sorenson},
title={Nonlinear Bayesian Estimation Using Gaussian Sum Approximations},
journal={IEEE Transactions on Automatic Control},
volume={AC-17},
number={4},
year={1972}
}